<?xml version="1.0" encoding="UTF-8"?><collection xmlns="http://www.loc.gov/MARC21/slim"><record><leader>00480nam--2200169-i-4500</leader><controlfield tag="001">000037632</controlfield><controlfield tag="002">20161230</controlfield><controlfield tag="005">20161230201041</controlfield><controlfield tag="008">060222s1000------------r-----000-0-eng-d</controlfield><datafield ind1=" " ind2=" " tag="040"><subfield code="a">IFIN-HH</subfield></datafield><datafield ind1=" " ind2=" " tag="080"><subfield code="a">531</subfield></datafield><datafield ind1="1" ind2=" " tag="100"><subfield code="a">Kupradze, V.D</subfield></datafield><datafield ind1="1" ind2="0" tag="245"><subfield code="a">Progress in solid mechanics</subfield><subfield code="b">Vol. iii. dynamical problems in elasticity</subfield><subfield code="c">V.d. kupradzze</subfield></datafield><datafield ind1=" " ind2=" " tag="260"><subfield code="a">Amsterdam</subfield><subfield code="b">North-holand Publishing Company</subfield><subfield code="c">1963</subfield></datafield><datafield ind1=" " ind2=" " tag="300"><subfield code="a">258P</subfield></datafield><datafield ind1=" " ind2=" " tag="852"><subfield code="a">16085</subfield><subfield code="c">539.3</subfield></datafield><datafield ind1=" " ind2=" " tag="CAT"><subfield code="a">Sys</subfield><subfield code="c">20121220</subfield><subfield code="h">150746</subfield></datafield></record></collection>